2239 2782
463 360 535 414 c.
597 359 652 415 L.
711 355 1070 412 ssAvEm
1137 311 1695 428 PRAEFATIO.

122 547 369 731 Quod
396 624 453 665 vsu
477 624 555 664 fere
584 623 709 664 venire
724 622 937 671 videamus,
976 631 1037 668 vt,
1072 620 1134 671 qui
1167 620 1204 657 in
1229 618 1351 670 aliquo
1374 627 1477 657 certo
1504 629 1638 669 genere
1667 616 1846 656 literarum
1882 617 1934 655 vel
1961 628 2062 669 parte

112 739 116 743 Δ
240 724 243 726 «
263 738 266 739 ⁷
322 694 513 745 versentur,
545 706 675 733 omnes
699 694 846 745 quidem
870 690 978 730 veluti
994 689 1165 741 regiones
1189 690 1264 727 eius
1287 687 1498 740 prouinciae
1520 698 1785 738 peruagentur,
1817 699 1935 738 neque
1961 687 2064 725 vllam

115 779 237 817 earum
248 779 298 804 ex
319 777 402 803 cura
418 763 473 802 sua
490 763 656 802 studione
675 761 865 815 sepositam
882 760 1049 808 habeant,
1079 759 1124 796 ita
1142 768 1272 805 tamen,
1300 769 1347 807 vt,
1373 757 1412 795 in
1430 757 1574 807 reliquis
1593 756 1686 807 quali
1705 755 1995 808 peregrinantes,
2025 756 2064 795 in

118 847 189 874 vna
204 845 325 873 tamen
342 834 511 882 habitent,
537 843 574 870 vt
591 831 708 870 sedem
726 831 929 877 collocent,
957 828 1055 867 vnde
1080 828 1183 865 etiam
1209 825 1231 864 ss
1252 826 1295 864 ad
1316 826 1470 876 reliquas
1495 825 1739 873 excurrerint,
1769 836 1890 863 tamen
1913 825 2064 864 libenter

114 904 156 943 ad
181 903 291 950 illam,
322 903 428 942 veluti
454 903 639 940 notiorem
668 911 729 939 aut
752 899 1032 944 familiariorem,
1060 897 1096 935 id
1124 897 1192 943 est,
1223 896 1367 947 reliquis
1391 896 1607 947 gratiorem,
1635 905 1839 933 recurrent:
1871 895 1908 932 id
1932 895 1974 933 ab
1999 896 2064 934 illis

117 973 240 1024 vtique
256 971 349 1020 fieri,
377 970 637 1022 deprehendas,
668 970 810 1021 quibus,
839 977 993 1020 propter
1009 965 1186 1004 infinitam
1205 965 1281 1003 fere
1296 965 1454 1015 copiam,
1480 964 1760 1014 varietatemque
1777 962 1962 1014 insignem,
1992 977 2065 1015 qua

112 1054 256 1092 rerum,
295 1055 372 1092 qua
394 1040 588 1089 oracionis,
616 1049 652 1076 et
680 1038 785 1076 detur
807 1037 882 1075 hoc
905 1035 1044 1082 facere,
1072 1046 1109 1072 et
1135 1046 1223 1072 vero
1249 1046 1407 1085 pronum
1434 1031 1492 1083 fit,
1527 1043 1680 1084 propter
1704 1031 1987 1083 similitudinem,
2025 1046 2065 1072 ac

117 1110 228 1149 veluti
244 1108 481 1159 συμπάθειαν,
512 1120 606 1159 quae
624 1107 800 1157 cuiusque
818 1107 967 1157 ingenio
986 1103 1186 1142 intercedat
1202 1116 1286 1141 cum
1303 1103 1415 1153 aliqua
1432 1102 1572 1140 materia
1590 1101 1691 1140 studii
1713 1100 1759 1139 sui
1778 1112 1848 1139 tam
1865 1102 1934 1139 late
1953 1101 2066 1140 diffusi

116 1192 155 1218 ac
171 1180 398 1230 pertinentis,
430 1179 468 1216 in
490 1190 558 1228 qua
583 1188 685 1229 parte
713 1187 749 1214 et
770 1175 935 1214 libentius
961 1184 998 1211 et
1023 1173 1318 1223 vero-promtius
1343 1171 1574 1222 faciliusque,
1607 1170 1658 1209 ob
1682 1171 1716 1208 id
1734 1169 1859 1221 ipsum,
1889 1169 2065 1212 versetur;

117 1248 297 1287 salubriter
313 1247 513 1286 admodum
533 1246 741 1285 consulente
755 1245 839 1282 Deo
857 1244 1035 1281 literarum
1057 1253 1209 1293 quoque
1225 1241 1403 1279 bonarum
1421 1240 1561 1285 studiis,
1588 1239 1674 1278 nihil
1697 1252 1733 1278 vt
1756 1239 1928 1278 intactum
1952 1240 2065 1291 negli-

115 1329 236 1368 gatur,
262 1316 346 1355 nihil
373 1316 528 1367 spretum
552 1316 679 1366 iaceat,
705 1325 764 1353 aut
787 1314 837 1352 ob
865 1311 1116 1352 difficultatem
1142 1310 1375 1361 repudietur,
1416 1309 1473 1348 sed
1494 1308 1656 1360 <partibus
1681 1322 1750 1359 pro
1777 1309 1860 1346 virili
1887 1311 2064 1361 cuiusque

116 1398 214 1436 parte
231 1385 419 1424 tractandis
437 1385 472 1422 in
487 1383 666 1421 summam
686 1382 905 1434 proficiatur.
965 1381 1034 1426 Ita,
1063 1380 1283 1427 Ernestium,
1312 1378 1384 1429 ipse
1411 1378 1508 1416 testis
1533 1377 1671 1427 audiui,
1701 1388 1737 1415 et
1755 1389 1843 1415 vero
1871 1377 1927 1416 alii
1942 1378 2065 1426 sciunt,

117 1466 200 1491 cum
220 1465 348 1491 omnes
361 1452 553 1502 scriptores
577 1451 652 1502 pari
679 1450 755 1488 fere
782 1461 905 1487 amore
932 1448 1131 1497 studioque
1154 1446 1452 1497 prosequeretur,
1486 1445 1656 1484 Ciceroni
1684 1457 1805 1484 tamen
1829 1459 1912 1497 prae
1938 1448 2064 1493 ceteris

119 1521 282 1560 deditum
300 1520 413 1559 fuiss'e.
469 1521 584 1557 Hune
609 1519 778 1556 nimirum
806 1528 843 1555 et
869 1516 907 1554 in
931 1515 1046 1554 schola
1070 1515 1232 1565 pluribus
1259 1515 1372 1561 horis,
1398 1528 1506 1565 quam
1523 1514 1628 1561 alios,
1658 1514 1747 1564 quin
1768 1513 1898 1553 affidue
1917 1527 1953 1553 et
1973 1512 2071 1554 con?

115 1592 235 1640 tinuo,
261 1589 578 1641 interpretabatur3
607 1588 645 1625 in
668 1585 930 1641 hoclegendo
952 1584 1095 1635 semper
1119 1583 1240 1621 versari
1263 1584 1429 1630 iubebat5
1464 1583 1565 1633 quod
1590 1583 1701 1635 ipsum
1727 1584 1837 1632 (adeo
1855 1584 1910 1623 sua
1929 1585 2064 1637 cuique

118 1672 219 1698 mens
238 1659 299 1706 est,
328 1657 427 1696 suum
445 1656 646 1707 ingenium,
674 1655 728 1694 sua
747 1666 931 1706 quemque
950 1653 1118 1704 voluptas
1140 1653 1279 1698 trahitl)
1308 1666 1355 1690 ne
1379 1651 1552 1704 discipulo
1576 1642 1723 1703 quidem
1755 1652 1864 1704 mihi,
1892 1664 1969 1692 tum
1997 1655 2062 1693 iin-

116 1727 222 1781 pense
239 1729 368 1766 amanti
383 1727 589 1777 magistrum
608 1737 644 1763 et
661 1724 767 1763 vnice
784 1723 984 1772 admiranti,
1016 1721 1251 1773 persuaderet,
1281 1733 1340 1760 aut
1360 1723 1530 1774 eriperet,
1563 1722 1652 1773 quin
1668 1721 1785 1760 multo
1810 1724 1921 1773 magis
1938 1724 2062 1763 inuita-

117 1810 174 1836 tus
196 1808 339 1834 tenerer
363 1795 547 1847 periodica
566 1794 660 1833 Liuii
685 1793 924 1844 implicatione
952 1801 989 1829 et
1012 1792 1354 1842 coagmentatione3
1380 1804 1491 1841 quam
1515 1793 1559 1830 ita
1579 1790 1723 1843 penitus
1741 1791 1991 1843 coinbiberim,
2023 1805 2062 1831 vt

117 1866 220 1903 etiam
239 1866 274 1903 in
291 1877 405 1903 meam
422 1865 626 1903 orationem
643 1861 862 1908 redundarit,
889 1860 1078 1898 breuiores
1103 1859 1294 1898 sententias
1321 1860 1424 1910 plane
1446 1860 1709 1911 refugientem,
1738 1861 2003 1912 participiorum
2023 1874 2059 1900 et

116 1928 349 1986 periodorum
375 1934 518 1973 salebras
542 1932 826 1980 consectantem,
861 1940 917 1979 et,
948 1941 1040 1979 quae
1064 1928 1260 1968 coniuncsia
1285 1928 1443 1980 videam,
1481 1942 1519 1968 vt
1545 1929 1644 1981 iungi
1671 1929 1789 1980 poffe,
1825 1942 1898 1967 vno
1922 1932 2057 1969 ambitu

115 2002 343 2054 complexam
354 2015 365 2049 3
400 2002 669 2054 impeditiorem
700 1998 937 2052 ideomultis
966 1996 1070 2036 visam
1095 2009 1132 2036 et
1162 1997 1427 2039 obscuriorem
1466 2011 1572 2049 quam
1607 1998 1680 2050 ipse
1704 1998 1852 2037 subinde
1884 2013 2057 2040 reuocare

116 2071 312 2110 studuerim
329 2070 372 2108 ad
399 2070 573 2109 leniorem
599 2068 879 2121 fimplicitatem3
915 2078 953 2105 vt
977 2077 1102 2106 tamen
1126 2078 1284 2118 aequum
1308 2066 1509 2117 censerem,
1537 2066 1758 2118 ex-speelare,
1794 2081 1852 2118 vt,
1885 2069 1945 2120 qui
1974 2083 2057 2110 vere

117 2140 240 2179 Latina
261 2140 379 2191 legere
404 2139 526 2189 vellet,
565 2140 732 2178 Liuianae
756 2149 907 2189 quoque
931 2136 1101 2174 orationis
1129 2148 1258 2186 gnarus
1288 2135 1490 2174 accederet.
1558 2136 1631 2174 Sed
1656 2149 1733 2175 non
1759 2135 1907 2175 imitatio
1940 2140 2057 2178 modo

115 2207 320 2247 difficilioris
337 2209 511 2246 orationis
529 2207 616 2246 mihi
632 2207 773 2259 placuit,
802 2205 861 2244 sed
882 2204 999 2243 multo
1018 2204 1130 2255 magis
1150 2206 1392 2257 interpretatio,
1422 2205 1480 2242 cui
1506 2205 1607 2244 latior
1626 2217 1780 2256 campus
1809 2216 1845 2243 et
1869 2206 2059 2258 operosior

116 2286 233 2329 pateat
249 2289 315 2328 per
332 2275 548 2323 difficiliora,
570 2276 700 2327 quibus
717 2273 958 2325 intelligendis
975 2274 1081 2311 etiam
1098 2273 1281 2313 auditores
1304 2286 1410 2312 meos
1429 2272 1587 2324 subigere
1604 2274 1759 2324 gestiam..
1793 2273 1898 2319 Quid
1915 2278 2057 2326 mirum,

116 2343 139 2383 fi
155 2357 191 2384 et
207 2347 403 2399 Thucydidis
419 2346 533 2384 oratio
550 2345 680 2397 placuit
699 2344 751 2383 illa
768 2342 996 2382 similitudine
1023 2342 1264 2394 impeditioris
1291 2342 1533 2390 obscuritatis,
1560 2344 1794 2394 interpretem
1823 2343 1999 2394 poscentis
2024 2357 2060 2384 et

117 2421 315 2453 exercentis
339 2414 383 2453 sat
409 2411 650 2465 diligentem?
712 2411 844 2461 Quod,
883 2424 1020 2451 mature
1044 2410 1119 2450 satis
1146 2409 1373 2463 propositum
1403 2412 1512 2461 mihi,
1549 2423 1585 2450 vt
1615 2411 1675 2462 qui
1701 2411 1788 2449 mihi
1814 2412 2060 2463 pcrsuafflsem,

116 2493 232 2522 arcem
247 2494 283 2523 et
298 2484 369 2523 vim
392 2481 764 2535 omnemdisciplinae
781 2481 1008 2528 Ernestianae
1027 2479 1181 2533 politam
1209 2480 1279 2520 esse
1305 2481 1344 2519 in
1366 2480 1605 2532 intelligentia
1628 2481 1904 2533 interpretandi,
1930 2481 2061 2530 effecit,
