2213 2802
432 88 954 125 TchYD1D18
1010 86 1214 121 HIST.
1275 87 1353 127 111,
1414 93 1572 128 53.54
1608 93 1668 128 55
1756 71 1758 73 ’
1932 93 2007 127 475

69 178 228 218 mendacii
245 178 339 215 facile
355 179 451 225 argui
466 175 649 226 possumus.
703 179 820 223 Itaque
837 187 915 209 cum
932 175 1079 208 maximis
1103 170 1350 208 difficultatibus
1373 172 1520 221 Vndique
1542 185 1746 221 premamur,
1774 177 1809 206 et
1823 172 1856 206 in
1873 173 2012 220 ancipiti
2045 178 2120 206 Bell,

67 243 203 280 fortuna
219 241 389 277 constituti
405 240 522 283 simus,
549 241 720 285 cogimur,
751 245 785 272 et
809 239 914 272 tutius
939 233 1002 271 esse
1025 236 1196 277 ducimus,
1221 239 1240 259 *
1255 233 1379 282 aliquid
1402 234 1542 270 dicendo
1565 236 1754 283 periclitari.
1806 234 1910 278 Quod
1923 237 2010 270 enim
2034 215 2130 251 Peiop.

2043 261 2086 280 211,
2101 261 2126 283 5

67 304 131 340 dici
145 306 258 353 potuit
277 303 316 339 ab
334 304 412 344 illis,
437 304 541 351 quiin
562 302 618 336 tali
637 300 827 335 discrimine
844 300 1033 340 versantur,
1058 297 1116 333 nisi
1137 296 1264 332 distum
1286 297 1404 338 fuerit,
1429 296 1621 333 hominibus
1643 297 1778 345 praebet
1804 295 2008 331 occasionem
2027 290 2141 356 0¹)'2¹‘¹P·

68 366 283 408 existimandi,
314 366 381 401 hoe
395 362 560 413 ipsum,1fi
578 361 699 398 digium
717 360 835 402 fuisset,
862 362 999 397 salutem
1017 362 1079 396 illis
1097 361 1173 395 dare
1189 367 1314 408 potuis
1281 358 1344 394 sse.
1401 358 1466 394 Sed
1480 366 1612 407 praeter
1629 359 1689 394 alia
1704 359 1773 406 ipsa
1793 358 2009 406 persuadendi
2041 333 2083 413 ἓξ
2095 363 2126 389 C

53 432 150 467 'ratio
166 432 200 464 in
219 428 345 466 difficili
357 428 452 463 nobis
470 424 522 460 esi.
550 438 626 459 nam
643 424 665 460 si
681 427 790 470 ignoti
803 427 887 459 inter
904 437 966 459 nos
976 422 1122 466 essemus,
1147 423 1247 459 allatis
1265 420 1461 457 testimoniis
1477 434 1589 457 rerum
1605 421 1749 462 illarum,
1778 434 1859 468 quas
1876 423 2008 467 ignora-
2042 400 2124 472 ἓξ,

67 495 157 533 retis,
175 492 303 526 causam
317 488 461 526 nostram
476 485 609 523 fortasse
627 489 823 522 iuuaremus.
848 488 910 523 iam
921 499 999 521 vero
1016 485 1105 534 apud
1124 497 1190 528 eos,
1207 486 1265 533 qui
1280 497 1394 519 rerum
1404 485 1480 519 sunt
1498 485 1602 530 gnari,
1618 484 1729 518 omnia
1746 482 1911 517 dicentur.
1932 487 2012 518 Nec

67 554 150 590 illud
160 554 433 603 pertimescimus,
453 563 494 586 ne
505 549 741 585 crimininobis
755 549 848 590 detis,
865 557 898 584 et
908 557 1159 597 proptereanos
1170 547 1347 590 damnetis,
1365 546 1456 596 quod
1466 548 1591 582 virtute
1599 544 1691 582 vobis
1708 545 1880 580 inferiores
1897 543 2015 588 simus;

67 616 123 652 sed
132 619 166 651 ia'
170 629 317 657 veremur,
327 627 378 658 ne,
395 615 427 648 in
437 614 581 648 aliorum
591 613 737 658 gratiam,
748 611 909 647 iudicium
919 614 982 646 iam
993 609 1174 660 peraEium,
1184 607 1359 658 vestroque
1367 608 1572 657 praeiudicio
1582 607 1821 644 confirmatum
1832 606 2015 642 subeamus.

172 691 226 726 54.
254 705 275 722 ,‚
293 682 330 701 *ss
341 677 589 712 Veruntamen
582 689 633 710 ius
651 673 801 710 nostrum
817 674 971 709 aduersus
989 673 1239 709 Thebanorum
1256 671 1437 707 simultates
1458 670 1647 714 tuebimur,
1674 679 1708 706 et
1731 669 1893 719 quicquid
1910 669 1949 704 ad
1966 671 2014 705 iu-

67 739 145 777 stam
161 739 289 775 nostrae
306 741 417 775 causae
434 737 659 773 defensionem
677 738 764 779 facit,
788 738 1020 791 proferemus·
1013 763 1021 779 ,
1054 735 1229 784 nostraque
1248 733 1411 771 beneficia
1427 748 1505 770 cum
1527 736 1561 769 in
1576 747 1655 776 vos,
1682 741 1754 768 tum
1773 734 1873 767 etiam
1891 735 1925 767 in
1943 745 2013 767 cae-

67 812 159 840 teros
178 805 326 839 Graecos
342 803 463 837 collata
477 800 838 843 commemorabimus,
863 807 896 835 et
920 798 1054 835 neuere
1080 813 1140 836 vos
1164 798 1373 835 conabimur.
1425 796 1682 846 Respondemus
1705 797 1796 831 enim
1818 795 1857 830 ad
1878 794 2016 831 vestram

67 867 156 902 illam
174 864 372 914 pei-breuem
390 865 709 910 interrogationem,
737 861 890 911 nunquid
915 863 948 896 in
971 863 1037 897 hoc
1059 861 1146 897 bello
1172 861 1213 896 de
1236 849 1526 903 Lacedaemoniis,
1553 872 1741 908 eorumque
1766 859 1879 902 sociis,
1903 859 2014 907 aliquo

67 928 171 964 modo
189 928 274 963 bene
289 929 399 962 meriti
413 926 526 962 simus:
551 925 572 960 si
590 938 660 968 1105,
686 934 720 960 vt
736 923 845 960 hostes
861 927 1091 971 interrogatis,
1115 937 1175 959 vos
1194 925 1319 960 nullam
1339 925 1496 959 iniuriam
1512 937 1529 958 a
1544 923 1641 958 nobis
1661 919 1837 974 accepisse,
1866 923 1924 969 qui
1941 921 2013 957 nul-

67 992 107 1026 lis
122 990 294 1026 beneficiis
310 1004 327 1025 a
342 991 438 1026 nobis
453 987 564 1024 assessi
579 988 725 1023 fueritis:
759 986 805 1022 ιῖιι
827 996 863 1023 vt
885 1000 958 1029 eos,
984 1000 1070 1036 quos
1089 988 1214 1022 amicos
1240 986 1305 1021 effe
1322 986 1462 1030 ducitis,
1487 999 1547 1022 vos
1562 987 1677 1034 potius
1700 997 1845 1033 peccare,
1874 985 1931 1032 qui
1946 984 2014 1019 bel-

68 1054 138 1090 lum
154 1052 249 1088 nobis
266 1053 453 1088 intuleritis.
508 1051 609 1093 Quod
623 1058 737 1085 autern
751 1049 792 1084 ad
812 1062 929 1098 pacem
946 1052 1083 1091 attinet,
1115 1057 1149 1084 et
1171 1049 1211 1084 ad
1233 1048 1358 1084 bellum
1383 1056 1500 1084 contra
1523 1047 1655 1083 Medos.
1669 1047 1816 1093 gestum,
1841 1045 2011 1082 bonorum

68 1118 216 1153 virorum
242 1113 389 1150 officium
411 1114 565 1149 fecimus:
599 1115 727 1162 quippe
750 1114 808 1161 qui
831 1113 920 1148 illam
945 1112 1096 1161 quidem,
1125 1123 1218 1147 nunc
1236 1124 1305 1147 non
1324 1112 1521 1159 violauimqus
1540 1113 1688 1159 priores:
1725 1110 1799 1145 illos
1815 1122 1904 1152 vero,
1932 1109 2019 1145 tunc

69 1179 130 1214 soli
146 1192 183 1213 ex
200 1177 356 1213 omnibus
374 1177 510 1211 Boeotis
536 1189 598 1211 vna
618 1177 794 1212 vobiscum
820 1189 883 1224 pro
908 1174 1061 1210 libertate
1088 1176 1299 1210 Graecorum
1324 1173 1463 1220 aggressi
1489 1174 1611 1208 sumus,
1660 1175 1769 1215 Nam,
1803 1174 1954 1220 quamuis
1979 1174 2014 1207 in

69 1242 151 1278 locis
169 1241 416 1276 mediterraneis
432 1239 665 1280 habitaremus,
690 1249 804 1274 tamen
822 1239 938 1274 nauale
953 1239 1122 1286 proelium
1139 1237 1178 1273 ad
1193 1236 1406 1273 Artemisium
1431 1236 1674 1278 commisimus3
1703 1244 1738 1271 et
1756 1249 1864 1284 quum
1881 1239 1914 1271 in
1932 1248 2012 1282 agro

68 1302 183 1340 nostro
199 1317 312 1352 pugna
329 1301 498 1338 commissa
512 1300 565 1343 est,
593 1304 624 1336 in
640 1315 676 1336 ea
695 1301 797 1343 vobis,
824 1310 858 1336 et
871 1301 1045 1336 Pausaniae
1059 1300 1233 1336 adfuimus.
1286 1303 1330 1335 Et
1354 1299 1376 1335 fi
1392 1313 1477 1349 quae
1494 1300 1575 1335 aliae
1591 1313 1645 1334 res
1668 1312 1744 1334 cum
1761 1300 1915 1348 periculo
1933 1311 2015 1334 con-

71 1366 203 1403 iunstae
218 1380 277 1415 per
293 1365 325 1400 id
343 1374 475 1414 tempus
491 1379 506 1399 a
524 1367 661 1401 Graecis
678 1363 784 1410 gestae
801 1364 955 1407 fuerunt,
981 1366 1134 1399 omnium
1157 1364 1337 1412 participes
1364 1363 1460 1410 supra
1485 1365 1570 1397 vires
1593 1361 1787 1397 exstitimus.
1839 1361 1946 1397 Vobis
1965 1369 2013 1397 et-

71 1431 146 1470 iam,
173 1428 442 1469 Lacedaemonii,
470 1429 644 1476 priuatim,
669 1440 774 1475 quum
798 1428 957 1461 maximus
981 1435 1091 1462 terror
1114 1429 1265 1475 Spartam
1285 1424 1518 1466 circumstetit,
1553 1423 1627 1474 post
1651 1432 1921 1467 terrae-motum,
1946 1437 2015 1472 quo

71 1499 228 1540 tempore
244 1493 384 1527 I-lelotes
401 1489 589 1526 defefflone
612 1504 628 1525 a
645 1490 738 1525 vobis
760 1488 846 1524 fana
862 1490 895 1523 in
919 1489 1080 1524 Ithomen
1104 1489 1135 1524 se
1155 1496 1377 1537 receperunt,
1405 1491 1538 1524 tertiam
1561 1485 1689 1522 nostrae
1714 1487 1858 1522 ciuitatis
1880 1494 2013 1536 partem

71 1556 188 1590 auxilio
205 1553 361 1589 misimus.
391 1567 530 1602 quarum
548 1567 658 1588 rerum
674 1554 868 1588 memoriam
885 1565 943 1587 vos
969 1551 1141 1599 deponere
1158 1564 1228 1587 non
1245 1550 1352 1586 decet.

176 1630 233 1664 55.
265 1623 342 1661 „Ac
359 1619 437 1652 olim
454 1616 587 1666 quidem
605 1618 638 1650 in
655 1617 815 1658 maximis,
843 1614 1106 1663 grauissimisque
1132 1614 1229 1649 rebus
1255 1615 1336 1649 tales
1352 1612 1416 1649 esse
1438 1626 1506 1649 non
1526 1612 1763 1649 dubitauimus.
1795 1609 1908 1660 postea
1933 1624 2014 1647 vero

72 1681 193 1716 fuimus
210 1679 336 1716 hostes:
362 1680 414 1716 sed
430 1694 488 1715 vos
504 1681 536 1714 in
554 1680 649 1727 culpa
664 1677 776 1714 fuistis.
831 1680 915 1713 Cum
939 1679 1029 1711 enim
1049 1691 1067 1712 a
1091 1676 1185 1713 vobis
1211 1675 1432 1725 petiissemus,
1457 1684 1493 1711 vt
1514 1678 1547 1710 in
1570 1674 1710 1712 vestram
1729 1676 1922 1710 societatem
1947 1687 2011 1709 nos

73 1746 274 1792 reciperetis,
302 1732 407 1791 quum
426 1743 579 1778 Thebani
599 1745 663 1777 vim
683 1740 778 1776 nobis
796 1741 1003 1782 intulerunt,
1028 1753 1091 1775 nos
1111 1739 1285 1783 reiecistis,
1309 1747 1343 1774 et
1362 1737 1557 1787 imperastis,
1585 1747 1621 1773 vt
1638 1738 1680 1773 ad
1696 1737 1917 1774 Athenienses
1935 1750 2014 1772 con-

73 1805 274 1852 fugeremus,
301 1805 392 1854 quod
409 1806 453 1840 illi
471 1805 606 1854 quidem
622 1803 725 1840 essent
740 1805 854 1845 vicini,
878 1817 936 1839 vos
954 1817 1033 1838 vero
1051 1804 1084 1838 in
1106 1803 1184 1838 loco
1208 1803 1302 1839 valde
1324 1809 1459 1837 remoto
1481 1800 1687 1836 habitaretis.
1739 1804 1776 1836 In
1795 1799 1882 1835 bello
1903 1808 2014 1835 tamen

74 1871 198 1905 nullam
217 1867 374 1913 insignem
396 1870 547 1904 inluriam
570 1881 587 1902 a
612 1868 709 1902 nobis
732 1864 922 1915 accepistis,
954 1878 1019 1900 nec
1042 1867 1213 1914 accepturi
1233 1867 1341 1900 eratis.
1396 1864 1502 1906 Quod
1525 1862 1548 1899 si
1570 1864 1611 1900 ab
1634 1862 1891 1899 Atheniensibus
1909 1862 2014 1898 vestro

74 1931 160 1968 iuffu
176 1931 318 1966 deficere
333 1931 519 1973 noluimus,
546 1932 667 1965 nullam
692 1932 842 1965 iniuriam
865 1937 1046 1977 propterea
1069 1929 1161 1963 vobis
1188 1928 1336 1963 fecimus.
1390 1927 1445 1962 Illi
1469 1929 1560 1963 enim
1581 1935 1702 1962 contra
1727 1927 1913 1962 Thebanos
1932 1928 2016 1961 auxi·

75 1996 156 2031 lium
174 1994 268 2030 nobis
285 1994 452 2035 tulerunt,
485 2006 588 2041 quum
612 2006 670 2028 vos
696 1995 750 2028 lwc
770 1993 868 2039 ipsum
882 1992 996 2038 facere
1019 1991 1161 2039 pigebat.
1211 1994 1289 2026 Nec
1311 1990 1456 2038 amplius
1479 1989 1659 2025 honestum
1687 1998 1759 2025 erat
1781 2003 1838 2025 eos
1860 1989 2014 2038 prodere,

75 2057 268 2109 praesertim
286 2057 442 2092 homines
457 2055 497 2090 de
515 2055 611 2090 nobis
629 2054 714 2090 bene
732 2056 876 2094 meritos,
899 2067 984 2102 quos
1003 2055 1035 2087 in
1053 2053 1242 2088 societatem
1259 2051 1414 2101 precibus
1430 2052 1634 2094 adduximus,
1658 2060 1692 2087 et
1708 2065 1725 2086 a
1742 2052 1862 2100 quibus
1879 2053 2014 2087 ciuitate

77 2121 190 2156 donati
204 2120 338 2155 fuimus.
386 2122 456 2154 Imo
473 2131 552 2154 vero
572 2131 632 2153 nos
651 2118 788 2153 decebat
803 2117 842 2152 ad
859 2117 992 2152 illorum
1010 2117 1168 2164 imperata
1185 2116 1336 2151 alacriter
1352 2114 1501 2151 facienda
1514 2117 1572 2151 ire.
1627 2113 1684 2132 *⁸³*
1708 2115 1772 2150 Sed
1787 2129 1872 2164 quae
1887 2117 2016 2163 Vtrique

76 2182 244 2234 peccastis,
269 2183 348 2218 dum
372 2182 466 2217 sociis
491 2183 715 2229 imperaretis,
743 2180 765 2215 si
781 2181 860 2229 quid
885 2192 954 2215 non
978 2178 1116 2214 honeste
1139 2178 1278 2220 fecistis,
1305 2180 1430 2214 horum
1452 2179 1548 2227 culpa
1571 2191 1642 2213 non
1658 2190 1762 2227 penes
1778 2179 1854 2214 illos
1873 2177 1929 2222 est,
1956 2179 2013 2226 qui

77 2248 210 2295 sequuti
226 2246 311 2288 sunt,
338 2244 391 2279 sed
410 2258 512 2293 penes
527 2243 607 2284 illos,
633 2244 688 2290 qui
705 2257 762 2279 vos
777 2243 815 2278 ad
833 2256 885 2278 ies
901 2255 1017 2292 prauas
1034 2241 1201 2288 agendum
1217 2241 1393 2277 duxerunt.

157 2316 171 2331 ⁸
189 2313 249 2339 Non
265 2313 334 2345 prius
349 2312 493 2352 periclitari,
506 2319 580 2343 quam
592 2311 685 2343 aliquid
702 2311 847 2336 dixerimus.
867 2312 948 2342 S.tepl›
985 2311 1007 2333 V
1010 2318 1020 2334 r
1035 2311 1116 2342 prius,
1136 2319 1210 2342 quam
1225 2312 1364 2341 periculum
1379 2311 1519 2339 subeamus,
1536 2310 1629 2342 aliquid
1645 2312 1766 2336 dicamus.
1780 2311 1889 2336 Aeacius.
1910 2316 1954 2334 Ηι
1963 2315 2009 2333 ns.

79 2347 109 2364 u
127 2347 215 2372 Nihilo
230 2355 312 2371 tamen
328 2347 421 2374 minus,
441 2347 500 2377 quid
515 2346 576 2369 iuris
590 2345 734 2373 habeamus,
750 2353 775 2369 et
788 2345 905 2368 aduersus
912 2344 1095 2368 ‘ihebanorum
1111 2344 1241 2376 wostulam
1260 2353 1286 2368 et
1297 2346 1373 2368 adue·
1376 2344 1428 2369 sum
1442 2352 1488 2367 vos
1505 2352 1672 2376 caeterosque
1686 2347 1809 2372 Graecos,
1825 2344 1951 2367 οχὴίὸειιιι
1955 2350 2012 2370 nus,

79 2387 106 2404 et
120 2380 200 2404 nostra
212 2380 338 2404 δειιεῑειᾘ
352 2379 494 2403 terensem
490 2386 509 2402 s
528 2379 624 2402 Hestere
639 2386 688 2401 ete.
707 2380 787 2407 S.tep1‚
808 2386 832 2402 et
846 2380 876 2402 Α
869 2386 915 2402 εισι
913 2380 945 2401 'su
947 2384 1070 2402 1DEM.
1138 2378 1183 2394 *¹⁸*
1203 2382 1234 2401 At
1254 2386 1317 2410 quae
1338 2386 1384 2402 vos
1404 2379 1480 2402 duces
1502 2386 1559 2402 cum
1579 2377 1628 2402 suis
1643 2380 1744 2410 vtrique
1763 2378 1836 2403 sotiis
1860 2376 1940 2407 egistis
1960 2383 2010 2400 etc

81 2414 158 2440 Valla.
191 2414 256 2437 Dum
272 2421 333 2436 vero
347 2414 447 2444 vxi-ique
463 2412 535 2436 sociis
550 2411 619 2435 xeilxi
623 2419 634 2435 s
649 2413 815 2443 praeceditis,
835 2411 850 2435 ιι
864 2413 924 2443 quid
939 2418 990 2435 etc.
1010 2413 1249 2436 Aca-ius.11>s·.a

81 2468 221 2502 σιωπήσας,
242 2476 283 2498 καὶ
297 2476 329 2504 μῆ
344 2475 364 2498 εἰ
368 2483 426 2498 των.
500 2468 623 2503 Σωτήρια
637 2483 665 2497 ..w
681 2466 707 2501 ἦν
698 2470 718 2505 ]
740 2468 802 2504 πρεξς
795 2475 856 2501 §vce
875 2473 1011 2504 σωτηρίας.
1087 2470 1152 2507 Πςὲς
1173 2472 1225 2501 τοῖς
1245 2467 1343 2516 ἄλλως]
1359 2482 1401 2515 'mr‘
1406 2481 1417 2500 ς
1441 2475 1564 2498 σιωπῶσιν
1586 2472 1613 2504 ἐξ
1634 2469 1749 2503 ἀπορίαν.
1822 2468 2013 2500 'Exstat-asymi-

83 2518 123 2540 με·
116 2506 160 2542 οι]
182 2507 252 2540 νμεῖς
270 2504 392 2538 Quen-rt.
455 2507 534 2536 'Anna
549 2513 581 2540 μὴ
595 2506 693 2541 ἅλλοις]
715 2520 751 2535 το
756 2519 767 2538 ς
783 2510 902 2541 ωνβιιίσις
914 2510 998 2540 φησίν.
1074 2513 1107 2533 Συ
1124 2505 1301 2549 ὄεδρασμένων]
1323 2507 1365 2541 vel
1380 2506 1445 2538 ὖμῶν
1461 2510 1504 2539 μὲν
1519 2510 1550 2537 ὡς
1566 2511 1697 2539 πολεμίως.
1735 2506 1798 2532 viro
1812 2503 1842 2530 τδ
1856 2508 1929 2536 ἐπιχ
1933 2509 2010 2549 ι’ςημα

83 2546 151 2574 λύσις
166 2546 202 2573 ἐς)
218 2554 251 2571 τις
273 2546 469 2577 Λακεδαιμονικέ
486 2546 629 2580 &nuque-ru
644 2542 823 2579 ἑξωτῆμκτοςι
842 2544 875 2572 τί
899 2547 1037 2577 liram-⁰9,
1065 2543 1103 2571 :n
1126 2544 1152 2575 ν’
1142 2540 1259 2576 Σικησκτε
1283 2544 1367 2577 ἡμᾶς,
1390 2546 1409 2571 ὠ
1424 2547 1571 2575 Πλαταιεῖς,
1590 2546 1614 2572 ἐν
1635 2554 1670 2577 τῃ
1694 2539 1797 2577 παρόντι
1815 2545 1932 2576 mamb,
1953 2539 1967 2573 ἢ
1982 2550 2012 2572 υἱ
