2239 2782
220 88 267 117 ιν
622 73 667 113 C.
728 74 769 113 L.
839 72 1157 114 BAVERI
1232 69 1752 113 PRAEFATIO.

177 202 179 205 .
219 178 263 206 vt
287 179 421 207 mature
444 167 520 207 satis
545 166 752 219 cupideque
781 166 938 206 versatus
961 167 998 205 in
1029 166 1212 206 tranando
1237 166 1459 218 Thucydide
1483 165 1554 204 iam
1583 165 1742 217 primum
1768 164 1943 205 scribendi
1968 165 2022 206 vel
2047 165 2158 206 libelli

219 237 345 275 edendi
367 237 565 288 periculum
585 235 740 275 facerem
758 236 1013 288 specimenque
1030 247 1279 287 proponerem
1298 234 1344 272 de
1362 247 1566 273 mertone
1589 233 1820 284 Thucydidis
1837 235 1979 286 optima
1998 239 2157 289 interpre-

216 308 306 344 tandi
320 308 356 344 As
373 307 499 358 cnilim,
527 317 635 356 quam
653 307 734 358 post
751 305 1040 357 quinquennium
1058 305 1268 356 exciperent
1287 304 1461 342 conciones
1490 304 1526 341 Τ
1523 302 1715 355 lmcya'ideae
1736 316 1755 341 a
1778 316 1836 343 me
1861 303 1995 352 editae3
2018 317 2070 343 ex
2087 317 2156 356 qua

217 387 327 424 opera
344 386 420 413 nata
438 374 571 426 prodiit
595 374 782 424 Philologia
799 373 1187 428 Thucydideo-Paullinm
1216 374 1355 423 quippe
1380 383 1415 410 et
1441 369 1598 410 Paullum
1617 365 1751 410 eidem
1765 371 1944 411 orationis
1967 371 2156 412 difficultas

215 442 333 481 eidem
359 444 444 481 mihi
470 443 757 482 commendabat.
797 441 923 488 ‘Quin
949 453 985 482 et
1009 444 1153 483 Lexicon
1179 441 1232 479 vel
1261 440 1456 492 Gloffarium
1482 439 1721 492 Tltzrcydidezmz
1751 452 1837 479 cuin
1862 443 2060 492 thurarum
2081 442 2157 481 eius

214 511 404 561 Notatione,
431 514 499 550 iam
517 526 562 551 ex
580 524 679 565 parte
695 513 922 552 conieceram
946 513 982 551 in
1002 513 1150 562 chartas,
1177 510 1354 559 editurus,
1385 507 1448 548 nili
1465 519 1527 547 aut
1542 508 1604 547 alia
1619 509 1890 548 inter-uenissent-
1906 510 1992 548 mihi
2010 509 2158 549 deman-

215 579 312 630 data,
347 590 406 619 aut
430 579 498 619 line
522 581 596 634 ipso
623 582 844 630 Thucydide
869 580 946 620 satis
970 582 1183 633 probaretur
1205 578 1280 617 talis
1307 589 1417 629 opera
1454 577 1654 634 redemtori
1678 578 1818 618 librario
1827 592 1840 626 3
1877 579 1977 617 cuius
1998 581 2158 632 copiam,

215 649 319 700 plane
336 661 372 687 vt
393 648 528 700 scirem,
557 663 615 689 me
630 642 764 689 debere
780 649 927 702 obsequi
946 651 1028 688 huic
1046 648 1164 688 studio
1181 661 1286 696 meo,
1315 647 1402 685 mihi
1431 645 1563 685 obtulit
1586 645 1687 685 casus
1710 646 1825 698 plane'
1840 634 2073 699 inopinatus,
2099 647 2159 686 ab·

213 729 336 769 ruptae
355 719 460 756 huius
481 731 614 770 operae
630 732 695 771 per
711 731 867 758 mortem
888 729 1148 771 praematuram
1166 718 1205 755 B.
1222 715 1443 762 Gottleberi,
1471 714 1624 754 Scholae
1638 715 1810 754 Prouinc.
1837 715 2008 754 Misnicae
2024 715 2159 756 Recio-

215 790 262 825 ris
283 786 457 838 Celebris,
488 789 543 826 cui
564 789 729 840 primitus
749 788 961 826 demandata
980 788 1066 825 haec
1090 785 1203 824 editio
1226 797 1292 838 per
1307 784 1469 836 Amplissl
1485 784 1785 832 Schwickertum,
1811 783 1948 836 Lipsiae
1964 785 2159 825 florentem

217 856 469 908 Bibliopolam‚
497 868 617 896 morte
634 858 674 896 B.
693 857 863 896 Aut‘loris
881 856 979 894 velut
1000 855 1213 894 hereditario
1231 854 1272 892 ad
1292 866 1350 892 me
1368 853 1585 902 transmiffa,
1614 866 1713 892 nunc
1729 854 1878 906 prodire
1897 853 2042 906 incipit,
2070 853 2160 893 faxit

214 927 328 974 Deus,
351 924 516 965 feliciter!
574 927 646 964 Hic
663 938 734 976 ego
755 927 841 976 quid
862 925 1094 977 praestiterim
1126 923 1242 974 sorte,
1269 935 1346 962 non
1373 935 1498 962 meum
1524 924 1575 962 est'
1597 923 1842 976 interpretari,
1874 922 1933 961 sed
1959 924 2159 974 peritorum

213 993 424 1033 existimatio
448 1005 485 1032 et
501 1007 712 1046 aequorum.
774 994 898 1046 Opera
925 1005 1045 1032 tamen
1068 992 1146 1032 data
1170 993 1238 1042 est,
1277 1005 1294 1029 a
1319 992 1527 1031 redemtore
1552 993 1718 1044 quidem,
1754 993 1847 1030 Viro
1875 990 1966 1044 Opt.
1995 1003 2035 1030 vt
2057 1000 2159 1032 textus

215 1063 356 1101 Graecus
368 1065 586 1102 Duckcrianae
596 1048 789 1111 Editionis,
819 1076 902 1101 cum
923 1063 1059 1102 Scholiis
1076 1063 1248 1108 Graecis,
1274 1062 1372 1100 Notis
1387 1060 1519 1100 deinde
1537 1062 1710 1100 Virorum
1728 1062 1984 1112 Summorum,
2014 1061 2064 1100 H.
2082 1062 2158 1100 Ste—

213 1130 343 1183 phani,
373 1131 562 1182 Hudsoni,
585 1132 735 1183 NVassii,
763 1133 944 1183 Duclteri,
976 1142 1138 1171 accurate
1163 1129 1438 1179 exscriberetur,
1465 1131 1595 1170 adiec'la
1621 1131 1674 1184 vel
1699 1129 1832 1168 seruata
1855 1129 2159 1181 Interpretatione

215 1200 307 1250 Lat.,
325 1212 403 1240 tum
421 1200 553 1240 deinde
571 1203 611 1240 Β.
630 1202 1109 1248 GottleberiAnnotationes,
1138 1199 1260 1250 quoad
1285 1201 1326 1238 ab
1347 1201 1410 1239 illo
1436 1198 1656 1250 compositae
1681 1209 1894 1250 pergerent,
1923 1198 2160 1238 Duckerianis

215 1267 498 1320 suggererentur,
529 1283 628 1321 quas,
647 1282 811 1309 extremo
831 1270 928 1320 loco,
958 1282 1059 1308 meae
1077 1270 1299 1320 exciperent.
1359 1267 1470 1315 Quae
1491 1268 1640 1308 subiecta
1664 1267 1743 1306 sunt
1762 1281 1779 1304 a
1798 1268 1890 1305 Viris
1908 1267 2158 1307 Doffiffissdi-

215 1336 329 1385 tioni,
358 1350 394 1377 et
417 1339 478 1377 hic
504 1340 540 1377 in
568 1351 732 1377 extremo
754 1339 971 1388 reddentur,
1009 1350 1045 1376 vt
1070 1337 1288 1389 prolixiora,
1323 1351 1428 1389 quam
1453 1351 1564 1389 quae,
1599 1337 1714 1376 Notis
1746 1335 1891 1384 inserta,
1929 1335 1992 1375 sub
2016 1348 2157 1376 textum

217 1405 485 1447 subiicerentur.
551 1409 689 1447 Iudicem
719 1407 864 1457 quidem
891 1420 911 1444 e
934 1407 1188 1455 Duckeriano,
1226 1406 1522 1454 Gottleberiano,
1557 1417 1594 1444 et
1616 1418 1720 1452 meo,
1750 1404 1950 1444 conflatum
1985 1406 2158 1445 dabimus.

219 1476 395 1525 Equidem
415 1476 540 1515 sedulo
566 1476 658 1522 feci,
689 1487 746 1523 vt,
776 1488 869 1526 quae
893 1476 1062 1526 explicari
1091 1476 1232 1514 iuberet
1255 1474 1324 1528 ipse
1348 1486 1564 1524 contextus,
1590 1473 1654 1525 ipsi
1680 1472 1908 1520 subiicerem3
1942 1475 1989 1512 de
2015 1474 2159 1526 lingulis

220 1546 404 1584 vocabulis
420 1545 462 1584 ad
479 1545 641 1583 Indicem
658 1545 876 1595 ablegarem:
908 1543 1116 1582 Gottleberi
1131 1546 1414 1594 Annotationes,
1442 1542 1565 1594 quoad
1581 1542 1768 1585 exstarent,
1797 1542 1955 1592 integras
1973 1542 2157 1594 adderem,

221 1613 322 1652 nullo
338 1614 533 1653 admodum
551 1615 663 1651 verbo
681 1612 811 1652 omiffo
832 1625 890 1651 aut
909 1624 1069 1663 mutato,
1100 1626 1147 1652 ne
1170 1614 1227 1652 vbi
1253 1614 1389 1652 leuiora
1413 1612 1559 1664 quidem
1587 1622 1647 1649 aut
1671 1609 1821 1648 minime
1841 1611 2024 1650 neceffaria
2043 1625 2157 1663 appo·

220 1694 315 1731 nere,
343 1694 402 1721 aut
419 1684 536 1720 minus
556 1682 680 1720 Latine
701 1681 870 1729 scribere,
901 1682 986 1720 mihi
1013 1683 1160 1722 subinde
1179 1682 1268 1722 visus
1284 1683 1389 1732 effer,
1415 1681 1534 1720 multo
1552 1679 1682 1732 magis,
1711 1679 1767 1717 vbi
1787 1679 1983 1719 dissentiret
2001 1694 2158 1731 mecum,

219 1762 278 1788 aut
294 1762 351 1788 me
371 1750 618 1802 reprendiffet:
650 1751 780 1800 quibus
799 1750 995 1789 satisfacere
1012 1751 1195 1790 interdum
1214 1752 1348 1791 studui:
1378 1751 1415 1791 in
1436 1751 1615 1803 plerisque
1628 1760 1746 1787 tamen
1767 1761 1913 1788 mecum
1929 1749 2042 1800 sentit,
2069 1752 2157 1801 quin

224 1831 281 1856 me
299 1820 446 1858 :tutiore
464 1819 580 1857 vtitur.
638 1819 942 1858 Praeclariffimam
970 1831 1086 1857 autem
1111 1833 1259 1872 operam
1286 1821 1489 1873 praestitisse
1511 1818 1708 1859 censendus
1734 1818 1784 1856 est
1810 1818 1913 1870 copia
1936 1816 2014 1856 da'ta
2031 1820 2159 1859 Variae

223 1888 406 1926 Leclionis
430 1888 588 1926 duorum
613 1888 783 1926 Codicum:
816 1888 957 1926 alterius
983 1889 1186 1940 Augustani,
1225 1890 1271 1928 de
1298 1889 1556 1942 quossexponit
1580 1887 1655 1929 Cel.
1678 1886 1871 1933 Mettens,
1907 1886 1958 1924 lll.
1985 1887 2155 1938 Gymnas

221 1957 366 2006 August.
396 1956 530 1994 Recior
552 1955 792 2007 digniffimus,
831 1958 867 1995 in
894 1958 1045 1997 Diatribe
1080 1973 1116 1999 2.
1147 1958 1193 1996 de
1218 1960 1427 2012 Augustanae
1449 1958 1604 1999 Biblioth.
1627 1956 1790 2007 cimeliis,
1822 1944 1907 2008 Pag.
1926 1956 2025 1993 V111.
2057 1971 2092 1995 n.
2122 1972 2154 2010 3.

222 2024 278 2063 his
294 2026 407 2063 verbis
422 2042 428 2062 :

323 2093 500 2144 „Magnae
526 2094 714 2132 venustatis
740 2093 860 2133 codex
884 2096 1196 2149 membranaceus,
1227 2111 1303 2149 quo
1327 2109 1428 2137 totus
1440 2095 1681 2147 Thucydides
1707 2093 2039 2145 comprehenditur.
2096 2094 2157 2133 Est

219 2161 273 2199 ille
292 2162 528 2213 pulcherrima
547 2163 674 2201 librarii
693 2176 798 2202 manu
819 2164 976 2215 scriptus,
1003 2167 1128 2216 paucis
1147 2178 1282 2205 tantum
1302 2167 1397 2205 foliis
1418 2165 1592 2217 exceptis,
1622 2177 1714 2216 quae
1729 2162 1971 2202 recentiorem
1989 2163 2156 2214 produnt

223 2243 390 2279 manum,
420 2244 500 2270 cum
519 2244 536 2269 a
554 2232 741 2281 vetustate,
771 2244 846 2270 tum
865 2234 907 2272 ab
930 2235 1122 2284 elegantia,
1149 2236 1283 2285 quibus
1306 2236 1360 2273 ille
1386 2234 1672 2273 Demosthenem
1701 2234 1851 2284 (nempe
1875 2230 2056 2269 Codicem
2080 2232 2155 2270 Dea

222 2299 428 2343 mosthenis,
452 2301 550 2351 prius
567 2300 613 2338 ibi
630 2308 898 2348 memoratum)
928 2302 1076 2354 superat,
1101 2303 1256 2342 multum
1276 2302 1605 2342 commendandus.
1660 2304 1782 2353 Atque
1801 2301 1923 2350 miror,
1953 2313 2029 2347 cur,
2053 2300 2157 2350 prae4

221 2377 274 2404 ter
294 2368 560 2415 Hoeschelium,
586 2371 647 2420 qui
666 2369 841 2420 quasdam
861 2370 1020 2409 leffionis
1038 2372 1240 2422 varietates,
1268 2372 1353 2410 olim
1383 2385 1588 2423 excerptas,
1615 2371 1804 2423 Stephano
1830 2368 1950 2416 dedit,
1980 2372 2099 2408 nemo
2118 2369 2156 2408 in

223 2436 320 2473 hunc
337 2436 515 2486 codicem,
547 2450 625 2488 quo
646 2438 901 2489 elegantiorem
922 2452 999 2478 non
1019 2439 1210 2490 habemus,
1238 2441 1389 2479 studiose
1417 2440 1654 2491 inquifiuerit,
1683 2452 1842 2490 eumque
1866 2437 2068 2476 trafiauerit
2092 2449 2156 2476 cu·

225 2503 357 2542 riolius.
419 2508 458 2543 ln
478 2506 622 2545 Reul‘erl
639 2507 811 2559 Catalogo
836 2520 873 2560 p.
895 2511 957 2560 69.
985 2522 1019 2546 n.
1036 2523 1101 2561 40.
1130 2508 1337 2548 recensetur
1362 2509 1400 2547 in
1419 2509 1517 2548 hunc
1545 2510 1721 2548 modum:
1749 2506 1978 2559 Thucydidis
1998 2506 2154 2546 historia-
